<collection xmlns="http://www.loc.gov/MARC21/slim"><record><leader>00749nam  2200205   450</leader><controlfield tag="001">806</controlfield><controlfield tag="003">http://montalegre.opacnet.com/OPAC/default.aspx?ContentAreaControl=ShowRegHoldings.ascx&amp;RegNo=16662</controlfield><datafield tag="021" ind1=" " ind2=" "><subfield code="a">PT</subfield><subfield code="b">16310/87</subfield></datafield><datafield tag="095" ind1=" " ind2=" "><subfield code="a">PTBN00109865</subfield></datafield><datafield tag="100" ind1=" " ind2=" "><subfield code="a">19880107d1987    m  y0pory0103    ba</subfield></datafield><datafield tag="101" ind1="0" ind2=" "><subfield code="a">por</subfield></datafield><datafield tag="102" ind1=" " ind2=" "><subfield code="a">PT</subfield></datafield><datafield tag="200" ind1="1" ind2=" "><subfield code="a">&lt;Os &gt;pregos na erva</subfield><subfield code="f">Maria Gabriela Llansol, Augusto Joaquim</subfield></datafield><datafield tag="210" ind1=" " ind2=" "><subfield code="a">Lisboa</subfield><subfield code="c">Rolim</subfield><subfield code="d">1987</subfield></datafield><datafield tag="215" ind1=" " ind2=" "><subfield code="a">226, [2] p.</subfield><subfield code="d">21 cm</subfield></datafield><datafield tag="327" ind1="0" ind2=" "><subfield code="a">Contém tb."O limite fluido" : estudo de Augusto Joaquim sobre a obra da autora. - p. 179-219</subfield></datafield><datafield tag="700" ind1=" " ind2="1"><subfield code="a">Llansol</subfield><subfield code="b">Maria Gabriela</subfield><subfield code="f">1931-</subfield><subfield code="3">79199</subfield></datafield><datafield tag="701" ind1=" " ind2="1"><subfield code="a">Joaquim</subfield><subfield code="b">Augusto</subfield><subfield code="4">070</subfield><subfield code="3">236105</subfield></datafield><datafield tag="801" ind1=" " ind2="0"><subfield code="a">PT</subfield><subfield code="b">Biblioteca Municipal de Montalegre</subfield><subfield code="g">RPC</subfield></datafield><datafield tag="856" ind1=" " ind2=" "><subfield code="u">locateMedia.asp?cod=20060622153229&amp;ext=jpg</subfield><subfield code="z">CAPA</subfield></datafield><datafield tag="909" ind1="&#9;" ind2=" "><subfield code="a">1</subfield></datafield><datafield tag="966" ind1=" " ind2=" "><subfield code="a">0008931</subfield><subfield code="l">BMM</subfield><subfield code="s">SCG 821 LLA pre</subfield></datafield></record></collection>